@Misc{std:Coords,
  author =       {Arnold Rots and Mark Cresitello-Dittmar and Omar Laurino},
  title =        {Astronomical Coordinates and Coordinate Systems, Version 1.0},
  howpublished = {{IVOA Working Draft}},
  year =         {2019},
  url =          {http://www.ivoa.net/documents/Coords/}
}
